@article{granovetter1973strength,
  title={The strength of weak ties},
  author={Granovetter, Mark S},
  journal={American journal of sociology},
  volume={78},
  number={6},
  pages={1360--1380},
  year={1973},
  publisher={University of Chicago Press}
}

@book{burt1992structural,
  title={Structural holes},
  author={Burt, Ronald S},
  year={1992},
  publisher={Harvard university press}
}

@article{watts1998collective,
  title={Collective dynamics of ‘small-world’networks},
  author={Watts, Duncan J and Strogatz, Steven H},
  journal={nature},
  volume={393},
  number={6684},
  pages={440--442},
  year={1998},
  publisher={Nature Publishing Group}
}

@incollection{watts2011simple,
  title={A simple model of global cascades on random networks},
  author={Watts, Duncan J},
  booktitle={The Structure and Dynamics of Networks},
  pages={497--502},
  year={2011},
  publisher={Princeton University Press}
}

@article{reagans2003network,
  title={Network structure and knowledge transfer: The effects of cohesion and range},
  author={Reagans, Ray and McEvily, Bill},
  journal={Administrative science quarterly},
  volume={48},
  number={2},
  pages={240--267},
  year={2003},
  publisher={SAGE Publications}
}

@inproceedings{kempe2003maximizing,
  title={Maximizing the spread of influence through a social network},
  author={Kempe, David and Kleinberg, Jon and Tardos, {\'E}va},
  booktitle={Proceedings of the ninth ACM SIGKDD international conference on Knowledge discovery and data mining},
  pages={137--146},
  year={2003}
}

@article{lazer2007network,
  title={The network structure of exploration and exploitation},
  author={Lazer, David and Friedman, Allan},
  journal={Administrative science quarterly},
  volume={52},
  number={4},
  pages={667--694},
  year={2007},
  publisher={SAGE Publications Sage CA: Los Angeles, CA}
}

@incollection{travers2011experimental,
  title={An experimental study of the small world problem},
  author={Travers, Jeffrey and Milgram, Stanley},
  booktitle={The structure and dynamics of networks},
  pages={130--148},
  year={2011},
  publisher={Princeton University Press}
}

@article{kearns2006experimental,
  title={An experimental study of the coloring problem on human subject networks},
  author={Kearns, Michael and Suri, Siddharth and Montfort, Nick},
  journal={science},
  volume={313},
  number={5788},
  pages={824--827},
  year={2006},
  publisher={American Association for the Advancement of Science}
}

@article{suri2011cooperation,
  title={Cooperation and contagion in web-based, networked public goods experiments},
  author={Suri, Siddharth and Watts, Duncan J},
  journal={PloS one},
  volume={6},
  number={3},
  pages={e16836},
  year={2011},
  publisher={Public Library of Science}
}

@book{le1897crowd,
  title={The crowd: A study of the popular mind},
  author={Le Bon, Gustave},
  year={1897},
  publisher={TF Unwin}
}

@article{degroot1974reaching,
  title={Reaching a consensus},
  author={DeGroot, Morris H},
  journal={Journal of the American Statistical Association},
  volume={69},
  number={345},
  pages={118--121},
  year={1974},
  publisher={Taylor \& Francis Group}
}

@article{schelling1978sorting,
  title={Sorting and mixing},
  author={Schelling, Thomas C},
  journal={Micromotives and macrobehavior},
  year={1978}
}

@article{granovetter1978threshold,
  title={Threshold models of collective behavior},
  author={Granovetter, Mark},
  journal={American journal of sociology},
  volume={83},
  number={6},
  pages={1420--1443},
  year={1978},
  publisher={University of Chicago Press}
}

@article{centola2007complex,
  title={Complex contagions and the weakness of long ties},
  author={Centola, Damon and Macy, Michael},
  journal={American journal of Sociology},
  volume={113},
  number={3},
  pages={702--734},
  year={2007},
  publisher={The University of Chicago Press}
}

@article{salganik2006experimental,
  title={Experimental study of inequality and unpredictability in an artificial cultural market},
  author={Salganik, Matthew J and Dodds, Peter Sheridan and Watts, Duncan J},
  journal={science},
  volume={311},
  number={5762},
  pages={854--856},
  year={2006},
  publisher={American Association for the Advancement of Science}
}

@article{lorenz2011social,
  title={How social influence can undermine the wisdom of crowd effect},
  author={Lorenz, Jan and Rauhut, Heiko and Schweitzer, Frank and Helbing, Dirk},
  journal={Proceedings of the national academy of sciences},
  volume={108},
  number={22},
  pages={9020--9025},
  year={2011},
  publisher={National Acad Sciences}
}

@article{muchnik2013social,
  title={Social influence bias: A randomized experiment},
  author={Muchnik, Lev and Aral, Sinan and Taylor, Sean J},
  journal={Science},
  volume={341},
  number={6146},
  pages={647--651},
  year={2013},
  publisher={American Association for the Advancement of Science}
}

@article{shalizi2011homophily,
  title={Homophily and contagion are generically confounded in observational social network studies},
  author={Shalizi, Cosma Rohilla and Thomas, Andrew C},
  journal={Sociological methods \& research},
  volume={40},
  number={2},
  pages={211--239},
  year={2011},
  publisher={Sage Publications Sage CA: Los Angeles, CA}
}

@article{golub2012homophily,
  title={How homophily affects the speed of learning and best-response dynamics},
  author={Golub, Benjamin and Jackson, Matthew O},
  journal={The Quarterly Journal of Economics},
  volume={127},
  number={3},
  pages={1287--1338},
  year={2012},
  publisher={MIT Press}
}

@article{christakis2013social,
  title={Social contagion theory: examining dynamic social networks and human behavior},
  author={Christakis, Nicholas A and Fowler, James H},
  journal={Statistics in medicine},
  volume={32},
  number={4},
  pages={556--577},
  year={2013},
  publisher={Wiley Online Library}
}

@article{rand2011dynamic,
  title={Dynamic social networks promote cooperation in experiments with humans},
  author={Rand, David G and Arbesman, Samuel and Christakis, Nicholas A},
  journal={Proceedings of the National Academy of Sciences},
  volume={108},
  number={48},
  pages={19193--19198},
  year={2011},
  publisher={National Acad Sciences}
}

@article{almaatouq2020adaptive,
  title={Adaptive social networks promote the wisdom of crowds},
  author={Almaatouq, Abdullah and Noriega-Campero, Alejandro and Alotaibi, Abdulrahman and Krafft, PM and Moussaid, Mehdi and Pentland, Alex},
  journal={Proceedings of the National Academy of Sciences},
  volume={117},
  number={21},
  pages={11379--11386},
  year={2020},
  publisher={National Acad Sciences}
}

@article{calmes_2015, 
  title={Treasury Says a Woman’s Portrait Will Join Hamilton’s on the \$10 Bill},
  url={https://www.nytimes.com/2015/06/18/us/portrait-of-a-woman-to-share-space-on-the-dollar-10-bill-with-hamiltons.html},
  journal={New York Times},
  author={Calmes, Jackie},
  year={2015},
  month={Jun},
}

@article{houghton2019beyond,
  title={Beyond keywords: Tracking the evolution of conversational clusters in social media},
  author={Houghton, James P and Siegel, Michael and Madnick, Stuart and Tounaka, Nobuaki and Nakamura, Kazutaka and Sugiyama, Takaaki and Nakagawa, Daisuke and Shirnen, Buyanjargal},
  journal={Sociological Methods \& Research},
  volume={48},
  number={3},
  pages={588--607},
  year={2019},
  publisher={SAGE Publications Sage CA: Los Angeles, CA}
}

@book{hawes2019grace,
  title={Grace Will Lead Us Home: The Charleston Church Massacre and the Hard, Inspiring Journey to Forgiveness},
  author={Hawes, Jennifer Berry},
  year={2019},
  publisher={St. Martin's Press}
}

@article{baldassarri2007dynamics,
  title={Dynamics of political polarization},
  author={Baldassarri, Delia and Bearman, Peter},
  journal={American sociological review},
  volume={72},
  number={5},
  pages={784--811},
  year={2007},
  publisher={Sage Publications Sage CA: Los Angeles, CA}
}

@article{dellaposta2015liberals,
  title={Why do liberals drink lattes?},
  author={DellaPosta, Daniel and Shi, Yongren and Macy, Michael},
  journal={American Journal of Sociology},
  volume={120},
  number={5},
  pages={1473--1511},
  year={2015},
  publisher={University of Chicago Press Chicago, IL}
}

@article{friedkin2016network,
  title={Network science on belief system dynamics under logic constraints},
  author={Friedkin, Noah E and Proskurnikov, Anton V and Tempo, Roberto and Parsegov, Sergey E},
  journal={Science},
  volume={354},
  number={6310},
  pages={321--326},
  year={2016},
  publisher={American Association for the Advancement of Science}
}

@article{goldberg2018beyond,
  title={Beyond social contagion: Associative diffusion and the emergence of cultural variation},
  author={Goldberg, Amir and Stein, Sarah K},
  journal={American Sociological Review},
  volume={83},
  number={5},
  pages={897--932},
  year={2018},
  publisher={SAGE Publications Sage CA: Los Angeles, CA}
}

@article{parsegov2016novel,
  title={Novel multidimensional models of opinion dynamics in social networks},
  author={Parsegov, Sergey E and Proskurnikov, Anton V and Tempo, Roberto and Friedkin, Noah E},
  journal={IEEE Transactions on Automatic Control},
  volume={62},
  number={5},
  pages={2270--2285},
  year={2016},
  publisher={IEEE}
}

@article{xiong2017analysis,
  title={Analysis and application of opinion model with multiple topic interactions},
  author={Xiong, Fei and Liu, Yun and Wang, Liang and Wang, Ximeng},
  journal={Chaos: An Interdisciplinary Journal of Nonlinear Science},
  volume={27},
  number={8},
  pages={083113},
  year={2017},
  publisher={AIP Publishing LLC}
}

@article{collins1975spreading,
  title={A spreading-activation theory of semantic processing.},
  author={Collins, Allan M and Loftus, Elizabeth F},
  journal={Psychological review},
  volume={82},
  number={6},
  pages={407},
  year={1975},
  publisher={American Psychological Association}
}

@article{steyvers2005large,
  title={The large-scale structure of semantic networks: Statistical analyses and a model of semantic growth},
  author={Steyvers, Mark and Tenenbaum, Joshua B},
  journal={Cognitive science},
  volume={29},
  number={1},
  pages={41--78},
  year={2005},
  publisher={Wiley Online Library}
}

@incollection{brachman1979epistemological,
  title={On the epistemological status of semantic networks},
  author={Brachman, Ronald J},
  booktitle={Associative networks},
  pages={3--50},
  year={1979},
  publisher={Elsevier}
}

@article{schilling2005small,
  title={A" small-world" network model of cognitive insight},
  author={Schilling, Melissa A},
  journal={Creativity Research Journal},
  volume={17},
  number={2-3},
  pages={131--154},
  year={2005},
  publisher={Taylor \& Francis}
}

@article{nickerson1998confirmation,
  title={Confirmation bias: A ubiquitous phenomenon in many guises},
  author={Nickerson, Raymond S},
  journal={Review of general psychology},
  volume={2},
  number={2},
  pages={175--220},
  year={1998},
  publisher={SAGE Publications Sage CA: Los Angeles, CA}
}

@misc{gallina2019kptimes,
      title={KPTimes: A Large-Scale Dataset for Keyphrase Generation on News Documents}, 
      author={Ygor Gallina and Florian Boudin and Béatrice Daille},
      year={2019},
      eprint={1911.12559},
      archivePrefix={arXiv},
      primaryClass={cs.IR}
}

@inproceedings{kowsari2017HDLTex,
  title={HDLTex: Hierarchical Deep Learning for Text Classification},
  author={Kowsari, Kamran and Brown, Donald E and Heidarysafa, Mojtaba and Jafari Meimandi, Kiana and and Gerber, Matthew S and Barnes, Laura E},
  booktitle={Machine Learning and Applications (ICMLA), 2017 16th IEEE International Conference on},
  year={2017},
  organization={IEEE}
}

@techreport{pew2014,
  title={Beyond Red vs. Blue: The Political Typology},
  institution={Pew Research Center},
  howpublished = "\url{https://www.pewresearch.org/politics/dataset/2014-political-polarization-survey}",
  year={2014}
}

@misc{wvsa2020,
  title={European Values Study and World Values Survey: Joint EVS/WVS 2017-2021 Dataset},
  institution={JD Systems Institute & WVSA},
  doi={10.14281/18241.2},
  year={2020}
}

@article{flache2011small,
  title={Small worlds and cultural polarization},
  author={Flache, Andreas and Macy, Michael W},
  journal={The Journal of Mathematical Sociology},
  volume={35},
  number={1-3},
  pages={146--176},
  year={2011},
  publisher={Taylor \& Francis}
}

@article{del2016echo,
  title={Echo chambers: Emotional contagion and group polarization on facebook},
  author={Del Vicario, Michela and Vivaldo, Gianna and Bessi, Alessandro and Zollo, Fabiana and Scala, Antonio and Caldarelli, Guido and Quattrociocchi, Walter},
  journal={Scientific reports},
  volume={6},
  number={1},
  pages={1--12},
  year={2016},
  publisher={Nature Publishing Group}
}

@article{dandekar2013biased,
  title={Biased assimilation, homophily, and the dynamics of polarization},
  author={Dandekar, Pranav and Goel, Ashish and Lee, David T},
  journal={Proceedings of the National Academy of Sciences},
  volume={110},
  number={15},
  pages={5791--5796},
  year={2013},
  publisher={National Acad Sciences}
}

@article{vasconcelos2019consensus,
  title={Consensus and polarization in competing complex contagion processes},
  author={Vasconcelos, V{\'\i}tor V and Levin, Simon A and Pinheiro, Fl{\'a}vio L},
  journal={Journal of the Royal Society Interface},
  volume={16},
  number={155},
  pages={20190196},
  year={2019},
  publisher={The Royal Society}
}

@article{spohr2017fake,
  title={Fake news and ideological polarization: Filter bubbles and selective exposure on social media},
  author={Spohr, Dominic},
  journal={Business Information Review},
  volume={34},
  number={3},
  pages={150--160},
  year={2017},
  publisher={SAGE Publications Sage UK: London, England}
}

@article{tornberg2018echo,
  title={Echo chambers and viral misinformation: Modeling fake news as complex contagion},
  author={T{\"o}rnberg, Petter},
  journal={PloS one},
  volume={13},
  number={9},
  pages={e0203958},
  year={2018},
  publisher={Public Library of Science San Francisco, CA USA}
}

@article{pennycook2019lazy,
  title={Lazy, not biased: Susceptibility to partisan fake news is better explained by lack of reasoning than by motivated reasoning},
  author={Pennycook, Gordon and Rand, David G},
  journal={Cognition},
  volume={188},
  pages={39--50},
  year={2019},
  publisher={Elsevier}
}

@article{dimaggio1996have,
  title={Have American's social attitudes become more polarized?},
  author={DiMaggio, Paul and Evans, John and Bryson, Bethany},
  journal={American journal of Sociology},
  volume={102},
  number={3},
  pages={690--755},
  year={1996},
  publisher={University of Chicago Press}
}

@article{dandekar2013biased,
  title={Biased assimilation, homophily, and the dynamics of polarization},
  author={Dandekar, Pranav and Goel, Ashish and Lee, David T},
  journal={Proceedings of the National Academy of Sciences},
  volume={110},
  number={15},
  pages={5791--5796},
  year={2013},
  publisher={National Acad Sciences}
}

@article{becker2019wisdom,
  title={The wisdom of partisan crowds},
  author={Becker, Joshua and Porter, Ethan and Centola, Damon},
  journal={Proceedings of the National Academy of Sciences},
  volume={116},
  number={22},
  pages={10717--10722},
  year={2019},
  publisher={National Acad Sciences}
}

@article{permanyer2012conceptualization,
  title={The conceptualization and measurement of social polarization},
  author={Permanyer, I{\~n}aki},
  journal={The Journal of Economic Inequality},
  volume={10},
  number={1},
  pages={45--74},
  year={2012},
  publisher={Springer}
}

@article{baldassarri2008partisans,
  title={Partisans without constraint: Political polarization and trends in American public opinion},
  author={Baldassarri, Delia and Gelman, Andrew},
  journal={American Journal of Sociology},
  volume={114},
  number={2},
  pages={408--446},
  year={2008},
  publisher={The University of Chicago Press}
}

@article{poole1984polarization,
  title={The polarization of American politics},
  author={Poole, Keith T and Rosenthal, Howard},
  journal={The journal of politics},
  volume={46},
  number={4},
  pages={1061--1079},
  year={1984},
  publisher={Southern Political Science Association}
}

@article{esteban1994measurement,
  title={On the measurement of polarization},
  author={Esteban, Joan-Maria and Ray, Debraj},
  journal={Econometrica: Journal of the Econometric Society},
  pages={819--851},
  year={1994},
  publisher={JSTOR}
}

@article{almaatouq2021empirica,
  title={Empirica: a virtual lab for high-throughput macro-level experiments},
  author={Almaatouq, Abdullah and Becker, Joshua and Houghton, James P and Paton, Nicolas and Watts, Duncan J and Whiting, Mark E},
  journal={Behavior Research Methods},
  pages={1--14},
  year={2021},
  publisher={Springer}
}

@article{butts2016know,
  title={Why I know but don't believe},
  author={Butts, Carter T},
  journal={Science},
  volume={354},
  number={6310},
  pages={286--287},
  year={2016},
  publisher={American Association for the Advancement of Science}
}

@article{parsegov2016novel,
  title={Novel multidimensional models of opinion dynamics in social networks},
  author={Parsegov, Sergey E and Proskurnikov, Anton V and Tempo, Roberto and Friedkin, Noah E},
  journal={IEEE Transactions on Automatic Control},
  volume={62},
  number={5},
  pages={2270--2285},
  year={2016},
  publisher={IEEE}
}

@article{permanyer2012conceptualization,
  title={The conceptualization and measurement of social polarization},
  author={Permanyer, I{\~n}aki},
  journal={The Journal of Economic Inequality},
  volume={10},
  number={1},
  pages={45--74},
  year={2012},
  publisher={Springer}
}

@article{sikder2020minimalistic,
  title={A minimalistic model of bias, polarization and misinformation in social networks},
  author={Sikder, Orowa and Smith, Robert E and Vivo, Pierpaolo and Livan, Giacomo},
  journal={Scientific reports},
  volume={10},
  number={1},
  pages={1--11},
  year={2020},
  publisher={Nature Publishing Group}
}

@article{baldassarri2008partisans,
  title={Partisans without constraint: Political polarization and trends in American public opinion},
  author={Baldassarri, Delia and Gelman, Andrew},
  journal={American Journal of Sociology},
  volume={114},
  number={2},
  pages={408--446},
  year={2008},
  publisher={The University of Chicago Press}
}

@article{poole1984polarization,
  title={The polarization of American politics},
  author={Poole, Keith T and Rosenthal, Howard},
  journal={The journal of politics},
  volume={46},
  number={4},
  pages={1061--1079},
  year={1984},
  publisher={Southern Political Science Association}
}

@article{esteban1994measurement,
  title={On the measurement of polarization},
  author={Esteban, Joan-Maria and Ray, Debraj},
  journal={Econometrica: Journal of the Econometric Society},
  pages={819--851},
  year={1994},
  publisher={JSTOR}
}

@inproceedings{gallina-etal-2019-kptimes,
    title = "{KPT}imes: A Large-Scale Dataset for Keyphrase Generation on News Documents",
    author = "Gallina, Ygor  and
      Boudin, Florian  and
      Daille, Beatrice",
    booktitle = "Proceedings of the 12th International Conference on Natural Language Generation",
    month = oct # "{--}" # nov,
    year = "2019",
    address = "Tokyo, Japan",
    publisher = "Association for Computational Linguistics",
    url = "https://www.aclweb.org/anthology/W19-8617",
    doi = "10.18653/v1/W19-8617",
    pages = "130--135",
}

@article{WOSv6,
  title={Web of Science Dataset V6},
  author={Kowsari, Kamran and Brown, Donald E and Heidarysafa, Mojtaba and Jafari Meimandi, Kiana and and Gerber, Matthew S and Barnes, Laura E},
  journal={Mendeley Data},
  year={2018},
  doi="10.17632/9rw3vkcfy4.6",
  url="https://data.mendeley.com/datasets/9rw3vkcfy4/6",
}



@article{axelrod-1997-dissemination,
author = {Robert Axelrod},
title ={The Dissemination of Culture: A Model with Local Convergence and Global Polarization},
journal = {Journal of Conflict Resolution},
volume = {41},
number = {2},
pages = {203-226},
year = {1997},
doi = {10.1177/0022002797041002001},
URL = {https://doi.org/10.1177/0022002797041002001},
}


@article{galam1991towards,
  title={Towards a theory of collective phenomena: Consensus and attitude changes in groups},
  author={Galam, Serge and Moscovici, Serge},
  journal={European Journal of Social Psychology},
  volume={21},
  number={1},
  pages={49--74},
  year={1991},
  publisher={Wiley Online Library}
}

@article{hegselmann2002opinion,
  title={Opinion dynamics and bounded confidence models, analysis, and simulation},
  author={Hegselmann, Rainer and Krause, Ulrich and others},
  journal={Journal of artificial societies and social simulation},
  volume={5},
  number={3},
  year={2002}
}

@article{acemoglu2011opinion,
  title={Opinion dynamics and learning in social networks},
  author={Acemoglu, Daron and Ozdaglar, Asuman},
  journal={Dynamic Games and Applications},
  volume={1},
  number={1},
  pages={3--49},
  year={2011},
  publisher={Springer}
}

@article{sowa1987semantic,
  title={Semantic networks},
  author={Sowa, John F},
  year={1987},
  publisher={Citeseer}
}

@article{popping2003knowledge,
  title={Knowledge graphs and network text analysis},
  author={Popping, Roel},
  journal={Social Science Information},
  volume={42},
  number={1},
  pages={91--106},
  year={2003},
  publisher={Sage Publications London}
}