@article{houghton2019beyond,
  title={Beyond keywords: Tracking the evolution of conversational clusters in social media},
  author={Houghton, James P and Siegel, Michael and Madnick, Stuart and Tounaka, Nobuaki and Nakamura, Kazutaka and Sugiyama, Takaaki and Nakagawa, Daisuke and Shirnen, Buyanjargal},
  journal={Sociological Methods \& Research},
  volume={48},
  number={3},
  pages={588--607},
  year={2019},
  publisher={SAGE Publications Sage CA: Los Angeles, CA}
}

@article{dimaggio1996have,
  title={Have American's social attitudes become more polarized?},
  author={DiMaggio, Paul and Evans, John and Bryson, Bethany},
  journal={American journal of Sociology},
  volume={102},
  number={3},
  pages={690--755},
  year={1996},
  publisher={University of Chicago Press}
}

@article{goldberg2018beyond,
  title={Beyond social contagion: Associative diffusion and the emergence of cultural variation},
  author={Goldberg, Amir and Stein, Sarah K},
  journal={American Sociological Review},
  volume={83},
  number={5},
  pages={897--932},
  year={2018},
  publisher={SAGE Publications Sage CA: Los Angeles, CA}
}

@article{baldassarri2007dynamics,
  title={Dynamics of political polarization},
  author={Baldassarri, Delia and Bearman, Peter},
  journal={American sociological review},
  volume={72},
  number={5},
  pages={784--811},
  year={2007},
  publisher={Sage Publications Sage CA: Los Angeles, CA}
}

@article{dellaposta2015liberals,
  title={Why do liberals drink lattes?},
  author={DellaPosta, Daniel and Shi, Yongren and Macy, Michael},
  journal={American Journal of Sociology},
  volume={120},
  number={5},
  pages={1473--1511},
  year={2015},
  publisher={University of Chicago Press Chicago, IL}
}

@article{friedkin2016network,
  title={Network science on belief system dynamics under logic constraints},
  author={Friedkin, Noah E and Proskurnikov, Anton V and Tempo, Roberto and Parsegov, Sergey E},
  journal={Science},
  volume={354},
  number={6310},
  pages={321--326},
  year={2016},
  publisher={American Association for the Advancement of Science}
}

@article{butts2016know,
  title={Why I know but don't believe},
  author={Butts, Carter T},
  journal={Science},
  volume={354},
  number={6310},
  pages={286--287},
  year={2016},
  publisher={American Association for the Advancement of Science}
}

@article{parsegov2016novel,
  title={Novel multidimensional models of opinion dynamics in social networks},
  author={Parsegov, Sergey E and Proskurnikov, Anton V and Tempo, Roberto and Friedkin, Noah E},
  journal={IEEE Transactions on Automatic Control},
  volume={62},
  number={5},
  pages={2270--2285},
  year={2016},
  publisher={IEEE}
}

@article{becker2019wisdom,
  title={The wisdom of partisan crowds},
  author={Becker, Joshua and Porter, Ethan and Centola, Damon},
  journal={Proceedings of the National Academy of Sciences},
  volume={116},
  number={22},
  pages={10717--10722},
  year={2019},
  publisher={National Acad Sciences}
}

@article{permanyer2012conceptualization,
  title={The conceptualization and measurement of social polarization},
  author={Permanyer, I{\~n}aki},
  journal={The Journal of Economic Inequality},
  volume={10},
  number={1},
  pages={45--74},
  year={2012},
  publisher={Springer}
}

@article{sikder2020minimalistic,
  title={A minimalistic model of bias, polarization and misinformation in social networks},
  author={Sikder, Orowa and Smith, Robert E and Vivo, Pierpaolo and Livan, Giacomo},
  journal={Scientific reports},
  volume={10},
  number={1},
  pages={1--11},
  year={2020},
  publisher={Nature Publishing Group}
}

@article{baldassarri2008partisans,
  title={Partisans without constraint: Political polarization and trends in American public opinion},
  author={Baldassarri, Delia and Gelman, Andrew},
  journal={American Journal of Sociology},
  volume={114},
  number={2},
  pages={408--446},
  year={2008},
  publisher={The University of Chicago Press}
}

@article{poole1984polarization,
  title={The polarization of American politics},
  author={Poole, Keith T and Rosenthal, Howard},
  journal={The journal of politics},
  volume={46},
  number={4},
  pages={1061--1079},
  year={1984},
  publisher={Southern Political Science Association}
}

@article{esteban1994measurement,
  title={On the measurement of polarization},
  author={Esteban, Joan-Maria and Ray, Debraj},
  journal={Econometrica: Journal of the Econometric Society},
  pages={819--851},
  year={1994},
  publisher={JSTOR}
}

@article{almaatouq2020empirica,
  title={Empirica: a virtual lab for high-throughput macro-level experiments},
  author={Almaatouq, Abdullah and Becker, Joshua and Houghton, James P and Paton, Nicolas and Watts, Duncan J and Whiting, Mark E},
  journal={arXiv preprint arXiv:2006.11398},
  year={2020}
}

@article{schilling2005small,
  title={A "small-world" network model of cognitive insight},
  author={Schilling, Melissa A},
  journal={Creativity Research Journal},
  volume={17},
  number={2-3},
  pages={131--154},
  year={2005},
  publisher={Taylor \& Francis}
}

@inproceedings{gallina-etal-2019-kptimes,
    title = "{KPT}imes: A Large-Scale Dataset for Keyphrase Generation on News Documents",
    author = "Gallina, Ygor  and
      Boudin, Florian  and
      Daille, Beatrice",
    booktitle = "Proceedings of the 12th International Conference on Natural Language Generation",
    month = oct # "{--}" # nov,
    year = "2019",
    address = "Tokyo, Japan",
    publisher = "Association for Computational Linguistics",
    url = "https://www.aclweb.org/anthology/W19-8617",
    doi = "10.18653/v1/W19-8617",
    pages = "130--135",
}

@article{wvs2020,
  title={European Values Study and World Values Survey: Joint EVS/WVS 2017-2021 Dataset (Joint EVS/WVS). Dataset Version 1.0.0.},
  author = "JD Systems Institute and WVSA",
  year={2020},
  doi = "10.14281/18241.2",
}

@inproceedings{kowsari2017HDLTex,
  title={HDLTex: Hierarchical Deep Learning for Text Classification},
  author={Kowsari, Kamran and Brown, Donald E and Heidarysafa, Mojtaba and Jafari Meimandi, Kiana and and Gerber, Matthew S and Barnes, Laura E},
  booktitle={Machine Learning and Applications (ICMLA), 2017 16th IEEE International Conference on},
  year={2017},
  organization={IEEE}
}

@article{WOSv6,
  title={Web of Science Dataset V6},
  author={Kowsari, Kamran and Brown, Donald E and Heidarysafa, Mojtaba and Jafari Meimandi, Kiana and and Gerber, Matthew S and Barnes, Laura E},
  journal={Mendeley Data},
  year={2018},
  doi-"10.17632/9rw3vkcfy4.6",
  url="https://data.mendeley.com/datasets/9rw3vkcfy4/6",
